@article{hofstadter1976energy,
  title={Energy levels and wave functions of Bloch electrons in rational and irrational magnetic fields},
  author={Hofstadter, Douglas R},
  journal={Physical review B},
  volume={14},
  number={6},
  pages={2239},
  year={1976},
  publisher={APS}
}

 @misc{kim_2014, 
 place={Columbia University}, 
 title={Bloch, Landau, and Dirac: Hofstadter's Butterfly in Graphene}, 
 journal={KITP Colloquium}, 
 publisher={Columbia University}, 
 author={Kim, Philip}, 
 year={2014}, 
 month={Jan}
 } 